<?xml version="1.0" encoding="UTF-8"?>
<record>
  <leader>01950ngm#a2200433#cc4500</leader>
  <controlfield tag="003">DE-605</controlfield>
  <controlfield tag="005">20230714101526.0</controlfield>
  <controlfield tag="007">cr#|||||||||||</controlfield>
  <controlfield tag="007">vz#||||||</controlfield>
  <controlfield tag="008">160307|2016####gw |||########o###v|eng#c</controlfield>
  <controlfield tag="001">990210781980206441</controlfield>
  <datafield tag="016" ind1="7" ind2=" ">
    <subfield code="a">1074423318</subfield>
    <subfield code="2">OCoLC</subfield>
  </datafield>
  <datafield tag="035" ind1=" " ind2=" ">
    <subfield code="a">(DE-605)HT018907266</subfield>
  </datafield>
  <datafield tag="040" ind1=" " ind2=" ">
    <subfield code="a">38 M</subfield>
    <subfield code="b">ger</subfield>
    <subfield code="c">DE-605</subfield>
    <subfield code="d">38 M</subfield>
    <subfield code="d">DE-605</subfield>
    <subfield code="e">rda</subfield>
  </datafield>
  <datafield tag="041" ind1=" " ind2=" ">
    <subfield code="a">eng</subfield>
  </datafield>
  <datafield tag="044" ind1=" " ind2=" ">
    <subfield code="c">XA-DE</subfield>
  </datafield>
  <datafield tag="100" ind1="1" ind2=" ">
    <subfield code="a">Haas, Simone</subfield>
    <subfield code="0">(DE-588)1080327010</subfield>
    <subfield code="4">aut</subfield>
    <subfield code="9">O:H</subfield>
    <subfield code="0">https://portal.dnb.de/opac.htm?method=simpleSearch&amp;cqlMode=true&amp;query=idn=1080327010</subfield>
    <subfield code="0">http://viaf.org/viaf/sourceID/DNB|1080327010</subfield>
    <subfield code="B">GND-1080327010</subfield>
  </datafield>
  <datafield tag="245" ind1="1" ind2="0">
    <subfield code="a">Digital object identifiers (DOIs) for research data and publications in the field of life sciences</subfield>
    <subfield code="n">Part 1</subfield>
    <subfield code="p">DOI registration with ZB MED</subfield>
    <subfield code="c">created by: Simone Haas, Bettina Kullmer, Birte Lindstädt, Katja Pletsch ; with the assistance of: Ursula Arning, Jasmin Schmitz</subfield>
  </datafield>
  <datafield tag="264" ind1=" " ind2="1">
    <subfield code="c">[2016]</subfield>
  </datafield>
  <datafield tag="300" ind1=" " ind2=" ">
    <subfield code="a">1 Online-Ressource (1 Videodatei)</subfield>
  </datafield>
  <datafield tag="336" ind1=" " ind2=" ">
    <subfield code="b">tdi</subfield>
  </datafield>
  <datafield tag="337" ind1=" " ind2=" ">
    <subfield code="b">c</subfield>
  </datafield>
  <datafield tag="338" ind1=" " ind2=" ">
    <subfield code="b">cr</subfield>
  </datafield>
  <datafield tag="035" ind1=" " ind2=" ">
    <subfield code="a">(OCoLC)1074423318</subfield>
  </datafield>
  <datafield tag="035" ind1=" " ind2=" ">
    <subfield code="a">(DE-599)HBZHT018907266</subfield>
  </datafield>
  <datafield tag="024" ind1="7" ind2=" ">
    <subfield code="a">10.4126/FRL01-006399748</subfield>
    <subfield code="2">doi</subfield>
  </datafield>
  <datafield tag="960" ind1="1" ind2=" ">
    <subfield code="i">iall</subfield>
  </datafield>
  <datafield tag="960" ind1="1" ind2=" ">
    <subfield code="r">38 M: ellinet; GND: (DE-588)1049797671</subfield>
  </datafield>
  <datafield tag="964" ind1="0" ind2="s">
    <subfield code="F">030</subfield>
    <subfield code="A">a|zur||||||||</subfield>
  </datafield>
  <datafield tag="964" ind1="0" ind2="s">
    <subfield code="F">050</subfield>
    <subfield code="A">|||||ce|g|||||</subfield>
  </datafield>
  <datafield tag="856" ind1="4" ind2="0">
    <subfield code="u">https://repository.publisso.de/resource/frl:6399748</subfield>
    <subfield code="x">Langzeitarchivierung</subfield>
  </datafield>
  <datafield tag="700" ind1="1" ind2=" ">
    <subfield code="a">Kullmer, Bettina</subfield>
    <subfield code="0">(DE-588)1080327355</subfield>
    <subfield code="4">aut</subfield>
    <subfield code="9">O:H</subfield>
    <subfield code="0">https://portal.dnb.de/opac.htm?method=simpleSearch&amp;cqlMode=true&amp;query=idn=1080327355</subfield>
    <subfield code="0">http://viaf.org/viaf/sourceID/DNB|1080327355</subfield>
    <subfield code="B">GND-1080327355</subfield>
  </datafield>
  <datafield tag="700" ind1="1" ind2=" ">
    <subfield code="a">Lindstädt, Birte</subfield>
    <subfield code="0">(DE-588)105204266X</subfield>
    <subfield code="4">aut</subfield>
    <subfield code="9">O:H</subfield>
    <subfield code="0">https://portal.dnb.de/opac.htm?method=simpleSearch&amp;cqlMode=true&amp;query=idn=105204266X</subfield>
    <subfield code="0">http://viaf.org/viaf/sourceID/DNB|105204266X</subfield>
    <subfield code="B">GND-105204266X</subfield>
  </datafield>
  <datafield tag="700" ind1="1" ind2=" ">
    <subfield code="a">Pletsch, Katja</subfield>
    <subfield code="0">(DE-588)1080064435</subfield>
    <subfield code="4">aut</subfield>
    <subfield code="9">O:H</subfield>
    <subfield code="0">https://portal.dnb.de/opac.htm?method=simpleSearch&amp;cqlMode=true&amp;query=idn=1080064435</subfield>
    <subfield code="0">http://viaf.org/viaf/sourceID/DNB|1080064435</subfield>
    <subfield code="B">GND-1080064435</subfield>
  </datafield>
  <datafield tag="700" ind1="1" ind2=" ">
    <subfield code="a">Arning, Ursula</subfield>
    <subfield code="0">(DE-588)1072011352</subfield>
    <subfield code="4">ctb</subfield>
    <subfield code="9">O:H</subfield>
    <subfield code="0">https://portal.dnb.de/opac.htm?method=simpleSearch&amp;cqlMode=true&amp;query=idn=1072011352</subfield>
    <subfield code="0">http://viaf.org/viaf/sourceID/DNB|1072011352</subfield>
    <subfield code="B">GND-1072011352</subfield>
  </datafield>
  <datafield tag="700" ind1="1" ind2=" ">
    <subfield code="a">Schmitz, Jasmin</subfield>
    <subfield code="0">(DE-588)1088345387</subfield>
    <subfield code="4">ctb</subfield>
    <subfield code="9">O:H</subfield>
    <subfield code="0">https://portal.dnb.de/opac.htm?method=simpleSearch&amp;cqlMode=true&amp;query=idn=1088345387</subfield>
    <subfield code="0">http://viaf.org/viaf/sourceID/DNB|1088345387</subfield>
    <subfield code="B">GND-1088345387</subfield>
  </datafield>
  <datafield tag="773" ind1="0" ind2="8">
    <subfield code="w">(DE-605)HT018907246</subfield>
    <subfield code="q">1</subfield>
  </datafield>
  <datafield tag="500" ind1=" " ind2=" ">
    <subfield code="a">Sofern nicht anders angegeben, ist dieses Werk lizenziert unter einer Creative Commons Namensnennung - Keine Bearbeitungen 4.0 Lizenz (https://creativecommons.org/licenses/by-nd/4.0/ )</subfield>
  </datafield>
  <datafield tag="542" ind1="1" ind2=" ">
    <subfield code="n">Sofern nicht anders angegeben, ist dieses Werk lizenziert unter einer Creative Commons Namensnennung - Keine Bearbeitungen 4.0 Lizenz</subfield>
    <subfield code="u">https://creativecommons.org/licenses/by-nd/4.0/</subfield>
  </datafield>
  <datafield tag="MBD" ind1=" " ind2=" ">
    <subfield code="M">49HBZ_NETWORK</subfield>
    <subfield code="i">990210781980206441</subfield>
    <subfield code="n">HBZ Network</subfield>
  </datafield>
  <datafield tag="MBD" ind1=" " ind2=" ">
    <subfield code="M">49HBZ_ZBM</subfield>
    <subfield code="i">991009334749706472</subfield>
    <subfield code="n">ZB MED</subfield>
  </datafield>
  <datafield tag="MNG" ind1=" " ind2=" ">
    <subfield code="c">System</subfield>
    <subfield code="f">OTHER</subfield>
    <subfield code="i">marc21</subfield>
    <subfield code="h">00000000000000.0</subfield>
    <subfield code="k">01</subfield>
    <subfield code="e">false</subfield>
    <subfield code="d">2023-09-05 04:51:40 Europe/Berlin</subfield>
    <subfield code="g">021078198-HBZ01</subfield>
    <subfield code="j">60</subfield>
    <subfield code="a">import</subfield>
    <subfield code="b">2021-04-05 18:14:05 Europe/Berlin</subfield>
  </datafield>
  <datafield tag="POR" ind1=" " ind2=" ">
    <subfield code="x">System</subfield>
    <subfield code="a">53140914040006472</subfield>
    <subfield code="h">EZProxy</subfield>
    <subfield code="M">49HBZ_ZBM</subfield>
    <subfield code="c">static</subfield>
    <subfield code="y">2023-08-10 18:28:27 Europe/Berlin</subfield>
    <subfield code="w">2023-08-10 18:28:21 Europe/Berlin</subfield>
    <subfield code="D">https://eu04.alma.exlibrisgroup.com/view/uresolver/49HBZ_NETWORK/openurl?u.ignore_date_coverage=true&amp;portfolio_pid=53140914040006472&amp;Force_direct=true</subfield>
    <subfield code="v">P2E_JOB</subfield>
    <subfield code="z">2023-08-10 16:28:21</subfield>
    <subfield code="i">false</subfield>
    <subfield code="S">52140914050006472</subfield>
    <subfield code="d">https://hbz-network.userservices.exlibrisgroup.com/view/uresolver/49HBZ_NETWORK/openurl?u.ignore_date_coverage=true&amp;rft.mms_id=991009334749706472</subfield>
    <subfield code="b">Available</subfield>
    <subfield code="f">BOOK</subfield>
    <subfield code="e">https://repository.publisso.de/resource/frl:6399748</subfield>
    <subfield code="8">53140914040006472</subfield>
  </datafield>
  <datafield tag="GSI" ind1="7" ind2=" ">
    <subfield code="a">http://d-nb.info/gnd/1080327010</subfield>
    <subfield code="2">uri</subfield>
    <subfield code="A">GND</subfield>
    <subfield code="B">GND-1080327010</subfield>
    <subfield code="C">024</subfield>
  </datafield>
  <datafield tag="GSI" ind1="7" ind2=" ">
    <subfield code="a">1088345387</subfield>
    <subfield code="0">http://d-nb.info/gnd/1088345387</subfield>
    <subfield code="2">gnd</subfield>
    <subfield code="A">GND</subfield>
    <subfield code="B">GND-1088345387</subfield>
    <subfield code="C">024</subfield>
  </datafield>
  <datafield tag="GSI" ind1="7" ind2=" ">
    <subfield code="a">0000-0003-1427-1808</subfield>
    <subfield code="2">orcid</subfield>
    <subfield code="A">GND</subfield>
    <subfield code="B">GND-1088345387</subfield>
    <subfield code="C">024</subfield>
  </datafield>
  <datafield tag="GSI" ind1="7" ind2=" ">
    <subfield code="a">1072011352</subfield>
    <subfield code="0">http://d-nb.info/gnd/1072011352</subfield>
    <subfield code="2">gnd</subfield>
    <subfield code="A">GND</subfield>
    <subfield code="B">GND-1072011352</subfield>
    <subfield code="C">024</subfield>
  </datafield>
  <datafield tag="GSI" ind1="7" ind2=" ">
    <subfield code="a">0000-0002-7953-0666</subfield>
    <subfield code="9">v:Herkunft: orcid</subfield>
    <subfield code="2">orcid</subfield>
    <subfield code="A">GND</subfield>
    <subfield code="B">GND-1072011352</subfield>
    <subfield code="C">024</subfield>
  </datafield>
  <datafield tag="GSI" ind1="7" ind2=" ">
    <subfield code="a">http://d-nb.info/gnd/1080064435</subfield>
    <subfield code="2">uri</subfield>
    <subfield code="A">GND</subfield>
    <subfield code="B">GND-1080064435</subfield>
    <subfield code="C">024</subfield>
  </datafield>
  <datafield tag="GSI" ind1="7" ind2=" ">
    <subfield code="a">0000-0002-0278-1256</subfield>
    <subfield code="2">orcid</subfield>
    <subfield code="A">GND</subfield>
    <subfield code="B">GND-1080064435</subfield>
    <subfield code="C">024</subfield>
  </datafield>
  <datafield tag="GSI" ind1="7" ind2=" ">
    <subfield code="a">http://d-nb.info/gnd/105204266X</subfield>
    <subfield code="2">uri</subfield>
    <subfield code="A">GND</subfield>
    <subfield code="B">GND-105204266X</subfield>
    <subfield code="C">024</subfield>
  </datafield>
  <datafield tag="GSI" ind1="7" ind2=" ">
    <subfield code="a">http://d-nb.info/gnd/1080327355</subfield>
    <subfield code="2">uri</subfield>
    <subfield code="A">GND</subfield>
    <subfield code="B">GND-1080327355</subfield>
    <subfield code="C">024</subfield>
  </datafield>
</record>
